<record><leader>00000cas a22000007a 4500</leader><controlfield tag="001">31358545</controlfield><controlfield tag="008">941026d1uuu1966cauwr ne      0    0eng d</controlfield><datafield ind1=" " ind2=" " tag="010"><subfield code="a">sn 94051600 </subfield></datafield><datafield ind1=" " ind2=" " tag="040"><subfield code="a">CNK</subfield><subfield code="b">eng</subfield><subfield code="c">CNK</subfield><subfield code="d">OCLCQ</subfield><subfield code="d">OCLCF</subfield><subfield code="d">OCLCO</subfield></datafield><datafield ind1="1" ind2=" " tag="029"><subfield code="a">AU@</subfield><subfield code="b">000011357792</subfield></datafield><datafield ind1=" " ind2=" " tag="042"><subfield code="a">msc</subfield></datafield><datafield ind1=" " ind2=" " tag="043"><subfield code="a">n-us-ca</subfield></datafield><datafield ind1="0" ind2="0" tag="245"><subfield code="a">North Highlands bulletin.</subfield></datafield><datafield ind1="1" ind2="3" tag="246"><subfield code="a">Record-times and North Highlands bulletin-Highlander</subfield></datafield><datafield ind1=" " ind2=" " tag="260"><subfield code="a">Fair Oaks, Calif. :</subfield><subfield code="b">Sacramento Suburban Newspapers</subfield></datafield><datafield ind1=" " ind2=" " tag="300"><subfield code="a">v.</subfield></datafield><datafield ind1=" " ind2=" " tag="310"><subfield code="a">Weekly</subfield></datafield><datafield ind1="0" ind2=" " tag="362"><subfield code="a">-Nov. 30, 1966.</subfield></datafield><datafield ind1=" " ind2=" " tag="500"><subfield code="a">"The green sheet" appears in masthead, Jan. 19, 1966-</subfield></datafield><datafield ind1=" " ind2=" " tag="580"><subfield code="a">Some sections published jointly with other Sacramento Suburban Newspapers titles, 1966.</subfield></datafield><datafield ind1=" " ind2=" " tag="588"><subfield code="a">Description based on: Jan. 5, 1966.</subfield></datafield><datafield ind1=" " ind2="0" tag="651"><subfield code="a">North Highlands (Calif.)</subfield><subfield code="v">Newspapers.</subfield></datafield><datafield ind1=" " ind2="7" tag="655"><subfield code="a">Newspapers.</subfield><subfield code="2">fast</subfield><subfield code="0">(OCoLC)fst01423814</subfield></datafield><datafield ind1=" " ind2="7" tag="651"><subfield code="a">California</subfield><subfield code="z">North Highlands.</subfield><subfield code="2">fast</subfield><subfield code="0">(OCoLC)fst01882606</subfield></datafield><datafield ind1=" " ind2=" " tag="752"><subfield code="a">United States</subfield><subfield code="b">California</subfield><subfield code="c">Sacramento</subfield><subfield code="d">Fair Oaks.</subfield></datafield><datafield ind1="0" ind2="5" tag="780"><subfield code="t">Record-times (Fair Oaks, Calif.)</subfield><subfield code="w">(DLC)sn 94051599</subfield></datafield><datafield ind1="0" ind2="0" tag="785"><subfield code="t">North Highlander (Fair Oaks, Calif. : 1966)</subfield><subfield code="w">(DLC)sn 94051601</subfield></datafield></record>